@book{allaire2008numerical,
	title={Numerical Linear Algebra},
	author={Allaire, Gr{\'e}goire and Kaber, Sidi Mahmoud},
	volume={55},
	number={2008},
	year={2008},
	publisher={Springer}
}

@online{pythonweb,
  author = {van Rossum, Guido},
  title = {Python},
  year = {1991},
  url = {https://www.python.org/},
  urldate = {1991-02-01}
}

@online{marlinfwweb,
  author = {van der Zalm, Erik},
  title = {Marlin Firmware},
  year = {2011},
  url = {https://marlinfw.org/},
  urldate = {2011-08-12}
}
